<?xml version="1.0" encoding="UTF-8"?>
<record xmlns="http://www.loc.gov/MARC21/slim" xmlns:zs="http://docs.oasis-open.org/ns/search-ws/sruResponse">
 <leader>
  05158cpcaa22007217a 4500
 </leader>
 <controlfield tag="001">
  17480356
 </controlfield>
 <controlfield tag="005">
  20240422082503.0
 </controlfield>
 <controlfield tag="007">
  st omn|m|||n|e
 </controlfield>
 <controlfield tag="008">
  121001i19312003xx                  mul
 </controlfield>
 <datafield ind1=" " ind2=" " tag="906">
  <subfield code="a">
   7
  </subfield>
  <subfield code="b">
   cbc
  </subfield>
  <subfield code="c">
   orignew
  </subfield>
  <subfield code="d">
   u
  </subfield>
  <subfield code="e">
   ncip
  </subfield>
  <subfield code="f">
   20
  </subfield>
  <subfield code="g">
   y-folklife
  </subfield>
 </datafield>
 <datafield ind1=" " ind2=" " tag="955">
  <subfield code="a">
   mkru 2012-10-01
  </subfield>
  <subfield code="a">
   mkru 2014-02-25
  </subfield>
  <subfield code="a">
   mseg 2014-04-15
  </subfield>
  <subfield code="a">
   mkru 2015-09-04
  </subfield>
  <subfield code="a">
   masmit 2024-03-01
  </subfield>
  <subfield code="a">
   masmit 2024-04-01
  </subfield>
  <subfield code="a">
   masmit 2024-04-22
  </subfield>
 </datafield>
 <datafield ind1=" " ind2=" " tag="010">
  <subfield code="a">
   2012655351
  </subfield>
 </datafield>
 <datafield ind1=" " ind2=" " tag="040">
  <subfield code="a">
   DLC
  </subfield>
  <subfield code="c">
   DLC
  </subfield>
  <subfield code="b">
   eng
  </subfield>
  <subfield code="e">
   dacs
  </subfield>
  <subfield code="d">
   DLC
  </subfield>
  <subfield code="d">
   DLC
  </subfield>
 </datafield>
 <datafield ind1=" " ind2=" " tag="041">
  <subfield code="a">
   mul
  </subfield>
  <subfield code="d">
   mul
  </subfield>
 </datafield>
 <datafield ind1=" " ind2=" " tag="043">
  <subfield code="a">
   e-un---
  </subfield>
 </datafield>
 <datafield ind1=" " ind2=" " tag="090">
  <subfield code="a">
   VAN 3406-VAN 3418; VRA 1518- VRA 1799; VXD 8168-VXD 8170
  </subfield>
 </datafield>
 <datafield ind1=" " ind2=" " tag="090">
  <subfield code="a">
   RYM 3724-RYM 3769; RYM 3790-RYM 3793
  </subfield>
 </datafield>
 <datafield ind1=" " ind2=" " tag="090">
  <subfield code="a">
   AFC 2003/002
  </subfield>
 </datafield>
 <datafield ind1="0" ind2="0" tag="245">
  <subfield code="a">
   Aaron Ziegelman Foundation collection.
  </subfield>
 </datafield>
 <datafield ind1=" " ind2=" " tag="260">
  <subfield code="c">
   1931-2003.
  </subfield>
 </datafield>
 <datafield ind1=" " ind2=" " tag="300">
  <subfield code="3">
   whole collection
  </subfield>
  <subfield code="a">
   approximately 23,599
  </subfield>
  <subfield code="f">
   items
  </subfield>
 </datafield>
 <datafield ind1=" " ind2=" " tag="300">
  <subfield code="3">
   sound recordings
  </subfield>
  <subfield code="a">
   70 sound cassettes :
  </subfield>
  <subfield code="b">
   analog
  </subfield>
 </datafield>
 <datafield ind1=" " ind2=" " tag="300">
  <subfield code="3">
   moving images
  </subfield>
  <subfield code="a">
   153 videocassettes (Betacam SP and Betacam SP Mega) :
  </subfield>
  <subfield code="b">
   sound, color
  </subfield>
 </datafield>
 <datafield ind1=" " ind2=" " tag="300">
  <subfield code="3">
   moving images
  </subfield>
  <subfield code="a">
   144 videocassettes (VHS and VHS-C) :
  </subfield>
  <subfield code="b">
   sound, color ;
  </subfield>
  <subfield code="c">
   1/2 in.
  </subfield>
 </datafield>
 <datafield ind1=" " ind2=" " tag="300">
  <subfield code="3">
   moving images
  </subfield>
  <subfield code="a">
   8 videocassettes (Hi-8) :
  </subfield>
  <subfield code="b">
   sound, color
  </subfield>
 </datafield>
 <datafield ind1=" " ind2=" " tag="300">
  <subfield code="3">
   moving images
  </subfield>
  <subfield code="a">
   1
  </subfield>
  <subfield code="f">
   film reel (8 mm)
  </subfield>
 </datafield>
 <datafield ind1=" " ind2=" " tag="300">
  <subfield code="3">
   graphic materials
  </subfield>
  <subfield code="a">
   approximately 2200 photographs :
  </subfield>
  <subfield code="b">
   black and white, color ;
  </subfield>
  <subfield code="c">
   various sizes
  </subfield>
 </datafield>
 <datafield ind1=" " ind2=" " tag="300">
  <subfield code="3">
   artifacts
  </subfield>
  <subfield code="a">
   23 objects (menorah pieces, candlestick, album, shoe tool, art frame, pillow cover, pillow, blouse, tefillin, towel, tefillin bags, shawl, doll, sign, brick fragment, engraved lid, fork)
  </subfield>
 </datafield>
 <datafield ind1=" " ind2=" " tag="300">
  <subfield code="3">
   manuscripts
  </subfield>
  <subfield code="a">
   25
  </subfield>
  <subfield code="f">
   linear feet
  </subfield>
 </datafield>
 <datafield ind1=" " ind2=" " tag="300">
  <subfield code="3">
   monographs
  </subfield>
  <subfield code="a">
   10
  </subfield>
  <subfield code="f">
   volumes
  </subfield>
 </datafield>
 <datafield ind1=" " ind2=" " tag="300">
  <subfield code="3">
   electronic media
  </subfield>
  <subfield code="a">
   31 floppy disks ;
  </subfield>
  <subfield code="c">
   3 1/2 in.
  </subfield>
 </datafield>
 <datafield ind1=" " ind2=" " tag="300">
  <subfield code="3">
   electronic media
  </subfield>
  <subfield code="a">
   4
  </subfield>
  <subfield code="f">
   zip disks
  </subfield>
 </datafield>
 <datafield ind1=" " ind2=" " tag="300">
  <subfield code="3">
   electronic media
  </subfield>
  <subfield code="a">
   2 discs (CD) :
  </subfield>
  <subfield code="b">
   optical
  </subfield>
 </datafield>
 <datafield ind1=" " ind2=" " tag="520">
  <subfield code="a">
   Collection of audio and video recordings of oral histories with family members of people from Luboml, Poland (now Ukraine) conducted from 1994-2000, with transcripts of these interviews; original photographs; photographs copied from the personal archives of these family members and from other archives; original passports, immigration papers, letters (including letters of the Eiger and Ziegelman families), product labels, a few artifacts, one original 8 mm film shot in Luboml, circa 1932; and transparencies of maps of Luboml. The collection includes video and audio footage from the production of the documentary film, Luboml: My Heart Remembers (2002), with video footage of various visits to Luboml; the manuscript for the book, Luboml: The Memorial Book of a Vanished Shtetl (1997), and various files regarding the exhibition, Remembering Luboml: Images of a Jewish Community.
  </subfield>
 </datafield>
 <datafield ind1="8" ind2=" " tag="524">
  <subfield code="a">
   Aaron Ziegelman Foundation collection (AFC 2003/002), American Folklife Center, Library of Congress, Washington, D.C.
  </subfield>
 </datafield>
 <datafield ind1="1" ind2=" " tag="506">
  <subfield code="a">
   Collection is open for research. Access to recordings may be restricted. To request materials, please contact the Folklife Reading Room at
  </subfield>
  <subfield code="u">
   https://hdl.loc.gov/loc.afc/folklife.contact
  </subfield>
 </datafield>
 <datafield ind1=" " ind2=" " tag="540">
  <subfield code="a">
   Duplication of sound recordings may be governed by copyright and other restrictions.
  </subfield>
 </datafield>
 <datafield ind1=" " ind2=" " tag="541">
  <subfield code="a">
   Aaron Ziegelman Foundation;
  </subfield>
  <subfield code="c">
   Donation ;
  </subfield>
  <subfield code="d">
   2002-2003.
  </subfield>
 </datafield>
 <datafield ind1=" " ind2=" " tag="545">
  <subfield code="a">
   In 1994, Aaron Ziegelman organized a research project that engaged archivists, anthropologists and historians in the collection, preservation and analysis of information about Jewish life in his birthplace, Luboml, a shtetl (market town) in Poland, whose Jewish community was destroyed in World War II. Luboml, Libivne in Yiddish, is now within the national borders of Ukraine. This documentary collection resulted in a major traveling exhibition, a book, and a documentary film about everyday life in Luboml during the years between World War I and World War II.
  </subfield>
 </datafield>
 <datafield ind1=" " ind2=" " tag="546">
  <subfield code="a">
   In English, Yiddish, Polish, Russian, German, Hebrew, Ukrainian, Spanish, and French.
  </subfield>
 </datafield>
 <datafield ind1="0" ind2=" " tag="555">
  <subfield code="a">
   Finding aid is available online
  </subfield>
  <subfield code="u">
   https://hdl.loc.gov/loc.afc/eadafc.af014007
  </subfield>
 </datafield>
 <datafield ind1=" " ind2=" " tag="581">
  <subfield code="a">
   Kagan, B., editor. Luboml: the memorial book of a vanished shtetl (Hoboken, N.J. : Ktav Pub. House, c1997)
  </subfield>
 </datafield>
 <datafield ind1="0" ind2="0" tag="630">
  <subfield code="a">
   Sefer yizkor li-ḳehilat Luboml.
  </subfield>
  <subfield code="l">
   English.
  </subfield>
 </datafield>
 <datafield ind1=" " ind2="0" tag="650">
  <subfield code="a">
   Holocaust, Jewish (1939-1945)
  </subfield>
  <subfield code="z">
   Ukraine
  </subfield>
  <subfield code="z">
   Li︠u︡bomlʹ.
  </subfield>
 </datafield>
 <datafield ind1=" " ind2="0" tag="650">
  <subfield code="a">
   Jews
  </subfield>
  <subfield code="z">
   Ukraine
  </subfield>
  <subfield code="z">
   Li︠u︡bomlʹ
  </subfield>
  <subfield code="x">
   History.
  </subfield>
 </datafield>
 <datafield ind1=" " ind2="0" tag="651">
  <subfield code="a">
   Li︠u︡bomlʹ (Ukraine)
  </subfield>
  <subfield code="x">
   Social life and customs.
  </subfield>
 </datafield>
 <datafield ind1=" " ind2="0" tag="651">
  <subfield code="a">
   Li︠u︡bomlʹ (Ukraine)
  </subfield>
  <subfield code="x">
   Ethnic relations.
  </subfield>
 </datafield>
 <datafield ind1=" " ind2="7" tag="655">
  <subfield code="a">
   Oral histories.
  </subfield>
  <subfield code="2">
   lcgft
  </subfield>
 </datafield>
 <datafield ind1=" " ind2="7" tag="655">
  <subfield code="a">
   Documentary films.
  </subfield>
  <subfield code="2">
   lcgft
  </subfield>
 </datafield>
 <datafield ind1=" " ind2="7" tag="655">
  <subfield code="a">
   Interviews.
  </subfield>
  <subfield code="2">
   lcgft
  </subfield>
 </datafield>
 <datafield ind1=" " ind2="7" tag="655">
  <subfield code="a">
   Sound recordings.
  </subfield>
  <subfield code="2">
   lcgft
  </subfield>
 </datafield>
 <datafield ind1=" " ind2="7" tag="655">
  <subfield code="a">
   Video recordings.
  </subfield>
  <subfield code="2">
   lcgft
  </subfield>
 </datafield>
 <datafield ind1=" " ind2="7" tag="655">
  <subfield code="a">
   Manuscripts.
  </subfield>
  <subfield code="2">
   lcgft
  </subfield>
 </datafield>
 <datafield ind1=" " ind2="7" tag="655">
  <subfield code="a">
   Manuscripts for publication.
  </subfield>
  <subfield code="2">
   aat
  </subfield>
 </datafield>
 <datafield ind1=" " ind2="7" tag="655">
  <subfield code="a">
   Maps.
  </subfield>
  <subfield code="2">
   lcgft
  </subfield>
 </datafield>
 <datafield ind1=" " ind2="7" tag="655">
  <subfield code="a">
   Artifacts.
  </subfield>
  <subfield code="2">
   aat
  </subfield>
 </datafield>
 <datafield ind1="1" ind2=" " tag="700">
  <subfield code="a">
   Ziegelman, Aaron,
  </subfield>
  <subfield code="d">
   1928-
  </subfield>
  <subfield code="e">
   collector.
  </subfield>
 </datafield>
 <datafield ind1="1" ind2="2" tag="700">
  <subfield code="a">
   Ziegelman, Aaron,
  </subfield>
  <subfield code="d">
   1928-
  </subfield>
  <subfield code="t">
   Luboml: my heart remembers.
  </subfield>
 </datafield>
 <datafield ind1="2" ind2=" " tag="710">
  <subfield code="a">
   Aaron Ziegelman Foundation,
  </subfield>
  <subfield code="e">
   donor.
  </subfield>
 </datafield>
 <datafield ind1=" " ind2=" " tag="852">
  <subfield code="a">
   Library of Congress
  </subfield>
  <subfield code="b">
   American Folklife Center,
  </subfield>
  <subfield code="e">
   101 Independence Ave. S.E., Washington, DC USA 20540-4610
  </subfield>
  <subfield code="u">
   https://hdl.loc.gov/loc.afc/folklife.home
  </subfield>
 </datafield>
 <datafield ind1="4" ind2="2" tag="856">
  <subfield code="3">
   Finding aid
  </subfield>
  <subfield code="u">
   https://hdl.loc.gov/loc.afc/eadafc.af014007
  </subfield>
 </datafield>
 <datafield ind1=" " ind2=" " tag="985">
  <subfield code="a">
   afc/ead
  </subfield>
 </datafield>
 <datafield ind1=" " ind2=" " tag="985">
  <subfield code="a">
   afc/coll
  </subfield>
 </datafield>
</record>
